
@article{soriano2023policies,
  title={Policies on children and schools during the SARS-CoV-2 pandemic in Western Europe},
  author={Soriano-Arandes, Antoni and Brett, Ana and Buonsenso, Danilo and Emilsson, Louise and de la Fuente Garcia, Isabel and Gkentzi, Despoina and Helve, Otto and Kepp, Kasper P and Mossberg, Maria and Muka, Taulant and others},
  journal={Frontiers in public health},
  volume={11},
  pages={1175444},
  year={2023},
  publisher={Frontiers Media SA}
}

@article{msemburi2023estimates,
  title={The WHO estimates of excess mortality associated with the COVID-19 pandemic},
  author={Msemburi, William and Karlinsky, Ariel and Knutson, Victoria and Aleshin-Guendel, Serge and Chatterji, Somnath and Wakefield, Jon},
  journal={Nature},
  volume={613},
  number={7942},
  pages={130--137},
  year={2023},
  publisher={Nature Publishing Group UK London}
}

@misc{who2022https,
  year={2022},
  title = {World Health Organization COVID-19 Data},
  howpublished = {\url{https://covid19.who.int}},
  note = {Accessed: 2022-02-03}
}

@misc{ard2023lauterbach,
  year={2023},
  title = {ARD Tagesschau},
  howpublished = {\url{https://www.tagesschau.de/inland/lauterbach-corona-pandemie-101.html}},
  note = {Accessed: 2022-02-03}
}

@misc{unesco2022https,
  year={2022},
  title = {{UNESCO} Global Education Coalition},
  howpublished = {\url{https://en.unesco.org/covid19/educationresponse/globalcoalition}},
  note = {Accessed: 2022-02-03}
}

@article{behrendt2019rtransferentropy,
  title={RTransferEntropy — Quantifying information flow between different time series using effective transfer entropy},
  author={Simon Behrendt and Thomas Dimpfl and Franziska J. Peter and David J. Zimmermann},
  journal={SoftwareX},
  volume={10},
  number={100265},
  year={2019},
  page={1--9},
  issn={2352-7110},
  doi={10.1016/j.softx.2019.100265},
  url={https://www.sciencedirect.com/science/article/pii/S2352711019300779}
}

@article{silini2021fast,
  title={Fast and effective pseudo transfer entropy for bivariate data-driven causal inference},
  author={Silini, Riccardo and Masoller, Cristina},
  journal={Scientific Reports},
  volume={11},
  number={1},
  pages={1--13},
  year={2021},
  publisher={Nature Publishing Group},
  doi={10.1038/s41598-021-87818-3},
  url={https://www.nature.com/articles/s41598-021-87818-3}
}

@article{fukumoto2021no,
  title={No causal effect of school closures in Japan on the spread of COVID-19 in spring 2020},
  author={Fukumoto, Kentaro and McClean, Charles T and Nakagawa, Kuninori},
  journal={Nature Medicine},
  volume={27},
  number={12},
  pages={2111--2119},
  year={2021},
  publisher={Nature Publishing Group},
  doi={10.1038/s41591-021-01571-8},
  url={https://www.nature.com/articles/s41591-021-01571-8}
}

@article{stage2021shut,
  title={Shut and re-open: the role of schools in the spread of COVID-19 in Europe},
  author={Stage, Helena B and Shingleton, Joseph and Ghosh, Sanmitra and Scarabel, Francesca and Pellis, Lorenzo and Finnie, Thomas},
  journal={Philosophical Transactions of the Royal Society B},
  volume={376},
  number={1829},
  pages={1--11},
  year={2021},
  publisher={The Royal Society},
  doi={10.1098/rstb.2020.0277},
  url={https://royalsocietypublishing.org/doi/10.1098/rstb.2020.0277}
}

@article{yoshiyuki2020effects,
  title={Effects of voluntary event cancellation and school closure as countermeasures against COVID-19 outbreak in Japan},
  author={Sugishita, Yoshiyuki AND Kurita, Junko AND Sugawara, Tamie AND Ohkusa, Yasushi},
  journal={PLOS ONE},
  publisher={Public Library of Science},
  year={2020},
  month={12},
  volume={15},
  pages={1--10},
  number={12},
  doi={10.1371/journal.pone.0239455},
  url={https://journals.plos.org/plosone/article?id=10.1371/journal.pone.0239455}
}

@article{iwata2020school,
  title={Was school closure effective in mitigating coronavirus disease 2019 (COVID-19)? Time series analysis using Bayesian inference},
  author={Iwata, Kentaro and Doi, Asako and Miyakoshi, Chisato},
  journal={International Journal of Infectious Diseases},
  volume={99},
  pages={57--61},
  year={2020},
  publisher={Elsevier},
  doi={10.1016/j.ijid.2020.07.052},
  url={https://www.ijidonline.com/article/S1201-9712(20)30598-1/fulltext}
}

@article {kim2021role,
  title={Role of children in household transmission of COVID-19},
	author={Kim, Jieun and Choe, Young June and Lee, Jin and Park, Young Joon and Park, Ok and Han, Mi Seon and Kim, Jong-Hyun and Choi, Eun Hwa},
	journal={Archives of Disease in Childhood},
	volume={106},
	number={7},
	pages={709--711},
	year={2021},
	publisher={BMJ Publishing Group Ltd},
	issn={0003-9888},
	doi={10.1136/archdischild-2020-319910},
	url={https://adc.bmj.com/content/106/7/709}
}

@article{falk2021covid,
  title={COVID-19 cases and transmission in 17 K--12 schools—Wood County, Wisconsin, August 31--November 29, 2020},
  author={Falk, Amy and Benda, Alison and Falk, Peter and Steffen, Sarah and Wallace, Zachary and H{\o}eg, Tracy Beth},
  journal={Morbidity and Mortality Weekly Report},
  volume={70},
  number={4},
  pages={136--140},
  year={2021},
  publisher={Centers for Disease Control and Prevention},
	doi={10.15585/mmwr.mm7004e3},
	url={https://www.ncbi.nlm.nih.gov/pmc/articles/PMC7842817/}
}

@article{ludvigsson2020children,
  author={Ludvigsson, Jonas F.},
  title={Children are unlikely to be the main drivers of the COVID-19 pandemic – A systematic review},
  journal={Acta Paediatrica},
  year={2020},
  volume={109},
  number={8},
  pages={1525--1530},
  doi={10.1111/apa.15371},
  url={https://onlinelibrary.wiley.com/doi/abs/10.1111/apa.15371}
}

@article {vanderhoek2020role,
	Title={De rol van kinderen in de transmissie van SARS-CoV-2},
	Author={van der Hoek, Wim and Backer, Jantien A and Bodewes, Rogier and Friesema, Ingrid and Meijer, Adam and Pijnacker, Roan and Reukers, Daphne F M and Reusken, Chantal and Roof, Inge and Rots, Nynke and Te Wierik, Margreet J M and van Gageldonk-Lafeber, AB and Waegemaekers, CHFM and van den Hof, Susan},
	Volume={164},
	Month={June},
	Year={2020},
	number={D5140},
	pages={1--7},
	Journal={Nederlands Tijdschrift voor Geneeskunde},
	issn={0028-2162},
	url={https://www.ntvg.nl/artikelen/de-rol-van-kinderen-de-transmissie-van-sars-cov-2}
}

@article{heavey2020evidence,
   author={Heavey, Laura and Casey, Geraldine and Kelly, Ciara and Kelly, David and McDarby, Geraldine},
   title={No evidence of secondary transmission of COVID-19 from children attending school in Ireland, 2020},
   journal={Eurosurveillance},
   year={2020},
   volume={25},
   number={21},
   pages={1--4},
   eid={2000903},
   doi={10.2807/1560-7917.ES.2020.25.21.2000903},
   url={https://www.eurosurveillance.org/content/10.2807/1560-7917.ES.2020.25.21.2000903}
}

@article{chang2020modelling,
  title={Modelling transmission and control of the COVID-19 pandemic in Australia},
  author={Chang, Sheryl L and Harding, Nathan and Zachreson, Cameron and Cliff, Oliver M and Prokopenko, Mikhail},
  journal={Nature Communications},
  volume={11},
  number={1},
  pages={1--13},
  year={2020},
  publisher={Nature Publishing Group},
  doi={10.1038/s41467-020-19393-6},
  url={https://www.nature.com/articles/s41467-020-19393-6}
}

@article{li2020role,
  title={The role of children in transmission of SARS-CoV-2: A rapid review},
  author={Li, Xue and Xu, Wei and Dozier, Marshall and He, Yazhou and Kirolos, Amir and Theodoratou, Evropi and others},
  journal={Journal of Global Health},
  volume={10},
  number={1},
  year={2020},
  pages={1--10},
  publisher={International Society for Global Health},
  doi={10.7189/jogh.10.011101},
  url={https://www.ncbi.nlm.nih.gov/pmc/articles/PMC7323934/}
}

@article{zhendong2020clinical,
  title={Clinical and transmission dynamics characteristics of 406 children with coronavirus disease 2019 in China: A review},
  author={Yang Zhen-Dong and Zhou Gao-Jun and Jin Run-Ming and Liu Zhi-Sheng and Dong Zong-Qi and Xie Xiong and Song Guo-Wei},
  journal={Journal of Infection},
  volume={81},
  number={2},
  pages={e11--e15},
  year={2020},
  issn={0163-4453},
  doi={10.1016/j.jinf.2020.04.030},
  url={https://www.sciencedirect.com/science/article/pii/S0163445320302413}
}

@article{walger2020children,
  title={Children and adolescents in the CoVid-19 pandemic: Schools and daycare centers are to be opened again without restrictions. The protection of teachers, educators, carers and parents and the general hygiene rules do not conflict with this},
  author={Walger, Peter and Heininger, Ulrich and Knuf, Markus and Exner, Martin and Popp, Walter and Fischbach, Thomas and Trapp, Stefan and H{\"u}bner, Johannes and Herr, Caroline and Simon, Arne and others},
  journal={GMS Hygiene and Infection Control},
  volume={15},
  year={2020},
  pages={1--9},
  publisher={German Medical Science},
  doi={10.3205/dgkh000346},
  url={https://www.ncbi.nlm.nih.gov/pmc/articles/PMC7273848}
}

@article{lopez2020transmission,
  title={Transmission dynamics of COVID-19 outbreaks associated with child care facilities—Salt Lake City, Utah, April--July 2020},
  author={Lopez, Adriana S and Hill, Mary and Antezano, Jessica and Vilven, Dede and Rutner, Tyler and Bogdanow, Linda and Claflin, Carlene and Kracalik, Ian T and Fields, Victoria L and Dunn, Angela and others},
  journal={Morbidity and Mortality Weekly Report},
  volume={69},
  number={37},
  pages={1319--1323},
  year={2020},
  publisher={Centers for Disease Control and Prevention},
  doi={10.15585/mmwr.mm6937e3},
  url={https://www.ncbi.nlm.nih.gov/pmc/articles/PMC7498176}
}

@article{siebach2021childhood,
  author={Siebach, Melissa K. and Piedimonte, Giovanni and Ley, Sylvia H.},
  title={COVID-19 in childhood: Transmission, clinical presentation, complications and risk factors},
  journal={Pediatric Pulmonology},
  year={2021},
  volume={56},
  number={6},
  pages={1342--1356},
  doi={10.1002/ppul.25344},
  url={https://onlinelibrary.wiley.com/doi/abs/10.1002/ppul.25344}
}

@article{grasleguen2021reopening,
  title={Reopening schools in the context of increasing COVID-19 community transmission: The French experience},
  author={C. {Gras-Le Guen} and R. Cohen and J. Rozenberg and E. Launay and D. Levy-Bruhl and C. Delacourt},
  journal={Archives de Pédiatrie},
  volume={28},
  number={3},
  pages={178--185},
  year={2021},
  issn={0929-693X},
  doi={10.1016/j.arcped.2021.02.001},
  url={https://www.sciencedirect.com/science/article/pii/S0929693X21000178}
}

@article{sorianoarandes2021household,
  author={Soriano-Arandes, Antoni and Gatell, Anna and Serrano, Pepe and Biosca, Mireia and Campillo, Ferran and Capdevila, Ramon and Fàbrega, Anna and Lobato, Zulema and López, Núria and Moreno, Ana Mª and Poblet, Miriam and Riera-Bosch, Maria Teresa and Rius, Neus and Ruiz, Montserrat and Sánchez, Almudena and Valldepérez, Cinta and Vilà, Mònica and Pineda, Valentí and Lazcano, Uxue and Díaz, Yesika and Reyes-Urueña, Juliana and Soler-Palacín, Pere and COVID-19 Pediatric Disease in Catalonia Research Group },
  title={Household Severe Acute Respiratory Syndrome Coronavirus 2 Transmission and Children: A Network Prospective Study},
  journal={Clinical Infectious Diseases},
  volume={73},
  number={6},
  pages={e1261--e1269},
  year={2021},
  issn={1058-4838},
  doi={10.1093/cid/ciab228},
  url={https://doi.org/10.1093/cid/ciab228}
}

@article{meuris2021transmission,
  author={Meuris, Christelle and Kremer, Cécile and Geerinck, Anton and Locquet, Medea and Bruyère, Olivier and Defêche, Justine and Meex, Cécile and Hayette, Marie-Pierre and Duchene, Loic and Dellot, Patricia and Azarzar, Samira and Maréchal, Nicole and Sauvage, Anne-Sophie and Frippiat, Frederic and Giot, Jean-Baptiste and Léonard, Philippe and Fombellida, Karine and Moutschen, Michel and Durkin, Keith and Artesi, Maria and Bours, Vincent and Faes, Christel and Hens, Niel and Darcis, Gilles},
  title={Transmission of SARS-CoV-2 after COVID-19 screening and mitigation measures for primary school children attending school in Liège, Belgium},
  journal={JAMA Network Open},
  volume={4},
  number={10},
  pages={e2128757--e2128757},
  year={2021},
  issn={2574-3805},
  doi={10.1001/jamanetworkopen.2021.28757},
  url={https://jamanetwork.com/journals/jamanetworkopen/fullarticle/2784812}
}

@book{wood2017generalized,
  title={Generalized additive models: An introduction with R},
  author={Wood, Simon N},
  year={2017},
  publisher={CRC},
  address={Boca Raton, FL}
}

@article{wood2011fast,
  title={Fast stable restricted maximum likelihood and marginal likelihood estimation of semiparametric generalized linear models},
  journal={Journal of the Royal Statistical Society (B)},
  volume={73},
  number={1},
  pages={3--36},
  year={2011},
  author={Wood, Simon N},
  doi={10.1111/j.1467-9868.2010.00749.x},
  url={https://rss.onlinelibrary.wiley.com/doi/10.1111/j.1467-9868.2010.00749.x}
}
  
@book{loader2006local,
  title={Local regression and likelihood},
  author={Loader, Clive},
  year={2006},
  publisher={Springer},
  address={New York, NY}
}

@article{wollstadt2014efficient,
    author={Wollstadt, Patricia and Martínez-Zarzuela, Mario and Vicente, Raul and Díaz-Pernas, Francisco J. and Wibral, Michael},
    journal={PLOS ONE},
    publisher={Public Library of Science},
    title={Efficient transfer entropy analysis of non-stationary neural time series},
    year={2014},
    month={07},
    volume={9},
    pages={1--21},
    number={7},
    doi={10.1371/journal.pone.0102833},
    url={https://doi.org/10.1371/journal.pone.0102833}
}

@article{papana2016detecting,
  title={Detecting causality in non-stationary time series using partial symbolic transfer entropy: Evidence in financial data},
  author={Papana, Angeliki and Kyrtsou, Catherine and Kugiumtzis, Dimitris and Diks, Cees},
  journal={Computational Economics},
  volume={47},
  number={3},
  pages={341--365},
  year={2016},
  publisher={Springer},
  doi={10.1007/s10614-015-9491-x},
  url={https://link.springer.com/article/10.1007/s10614-015-9491-x}
}

@article{schreiber2000measuring,
  title={Measuring information transfer},
  author={Schreiber, Thomas},
  journal={Physical Review Letters},
  volume={85},
  issue={2},
  pages={461--464},
  numpages={0},
  year={2000},
  month={Jul},
  publisher={American Physical Society},
  doi={10.1103/PhysRevLett.85.461},
  url={https://link.aps.org/doi/10.1103/PhysRevLett.85.461}
}

@article{shannon1948mathematical,
  title={A mathematical theory of communication},
  author={Shannon, Claude Elwood},
  journal={The Bell System Technical Journal},
  volume={27},
  number={3},
  pages={379--423},
  year={1948},
  publisher={Nokia Bell Labs},
  doi={10.1002/j.1538-7305.1948.tb01338.x},
  url={https://onlinelibrary.wiley.com/doi/10.1002/j.1538-7305.1948.tb01338.x}
}

@article{kissler2020symbolic,
  title={Symbolic transfer entropy reveals the age structure of pandemic influenza transmission from high-volume influenza-like illness data},
  author={Kissler, Stephen M and Viboud, C{\'e}cile and Grenfell, Bryan T and Gog, Julia R},
  journal={Journal of the Royal Society Interface},
  volume={17},
  number={20190628},
  pages={1--9},
  year={2020},
  publisher={The Royal Society},
  doi={10.1098/rsif.2019.0628},
  url={https://royalsocietypublishing.org/doi/10.1098/rsif.2019.0628}
}

@article{barnett2009granger,
  title={Granger causality and transfer entropy are equivalent for gaussian variables},
  author={Barnett, Lionel and Barrett, Adam B. and Seth, Anil K.},
  journal={Physical Review Letters},
  volume={103},
  issue={23},
  pages={2387011--2387014},
  numpages={4},
  year={2009},
  month={Dec},
  publisher={American Physical Society},
  doi={10.1103/PhysRevLett.103.238701},
  url={https://link.aps.org/doi/10.1103/PhysRevLett.103.238701}
}

@article{riffe2021data,
    author = {Riffe, Tim and Acosta, Enrique and the COVerAGE-DB team },
    title = "{Data Resource Profile: COVerAGE-DB: a global demographic database of COVID-19 cases and deaths}",
    journal = {International Journal of Epidemiology},
    volume = {50},
    number = {2},
    pages = {390-390f},
    year = {2021},
    month = {05},
    issn = {0300-5771},
    doi = {10.1093/ije/dyab027},
    url = {https://doi.org/10.1093/ije/dyab027},
    eprint = {https://academic.oup.com/ije/article-pdf/50/2/390/37947488/dyab027.pdf},
}

@article{alfano2022effects,
  title={The effects of school closures on COVID-19: A cross-country panel analysis},
  author={Alfano, Vincenzo},
  journal={Applied Health Economics and Health Policy},
  volume={20},
  number={2},
  pages={223--233},
  year={2022},
  publisher={Springer},
  doi = {10.1007/s40258-021-00702-z},
  url = {https://link.springer.com/article/10.1007/s40258-021-00702-z}
}

@article{kawano2015substantial,
  title={Substantial impact of school closure on the transmission dynamics during the pandemic flu H1N1-2009 in Oita, Japan},
  author={Kawano, Shoko and Kakehashi, Masayuki},
  journal={PloS one},
  volume={10},
  number={12},
  pages={e0144839},
  year={2015},
  publisher={Public Library of Science San Francisco, CA USA},
  doi = {10.1371/journal.pone.0144839},
  url = {https://journals.plos.org/plosone/article?id=10.1371/journal.pone.0144839}
}

@article{lerkkanen2023reading,
  title={Reading and math skills development among Finnish primary school children before and after COVID-19 school closure},
  author={Lerkkanen, Marja-Kristiina and Pakarinen, Eija and Salminen, Jenni and Torppa, Minna},
  journal={Reading and Writing},
  volume={36},
  number={2},
  pages={263--288},
  year={2023},
  publisher={Springer},
  doi = {10.1007/s11145-022-10358-3},
  url ={https://link.springer.com/article/10.1007/s11145-022-10358-3}
}

@article{moser2018estimating,
  title={Estimating age-specific reproductive numbers—A comparison of methods},
  author={Moser, Carlee B and White, Laura F},
  journal={Statistical Methods in Medical Research},
  volume={27},
  number={7},
  pages={2050--2059},
  year={2018},
  publisher={SAGE Publications},
  doi = {10.1177/0962280216673676},
  url ={https://journals.sagepub.com/doi/full/10.1177/0962280216673676}
}

@article{moulin2022longitudinal,
  title={Longitudinal impact of psychosocial status on children’s mental health in the context of COVID-19 pandemic restrictions},
  author={Moulin, Flore and Bailhache, Marion and Monnier, Ma{\"e}va and Thierry, Xavier and Vandentorren, St{\'e}phanie and C{\^o}t{\'e}, Sylvana M and Falissard, Bruno and Simeon, Thierry and Geay, Bertrand and Marchand, Laeticia and others},
  journal={European Child \& Adolescent Psychiatry},
  pages={1--10},
  year={2022},
  publisher={Springer},
  doi = {10.1007/s00787-022-02010-w},
  url ={https://link.springer.com/article/10.1007/s00787-022-02010-w}
}

@article{sugimoto2023temporal,
  title={Temporal patterns of sleep and eating among children during school closure in Japan due to COVID-19 pandemic: associations with lifestyle behaviours and dietary intake},
  author={Sugimoto, Minami and Murakami, Kentaro and Sasaki, Satoshi},
  journal={Public Health Nutrition},
  volume={26},
  number={2},
  pages={393--407},
  year={2023},
  publisher={Cambridge University Press},
  doi = {10.1017/S1368980022001148},
  url ={https://www.cambridge.org/core/journals/public-health-nutrition/article/temporal-patterns-of-sleep-and-eating-among-children-during-school-closure-in-japan-due-to-covid19-pandemic-associations-with-lifestyle-behaviours-and-dietary-intake/A17A174068BC9B8313B006F7C82517AC}
}

@article{walsh2021school,
  title={Do school closures and school reopenings affect community transmission of COVID-19? A systematic review of observational studies},
  author={Walsh, Sebastian and Chowdhury, Avirup and Braithwaite, Vickie and Russell, Simon and Birch, Jack Michael and Ward, Joseph L and Waddington, Claire and Brayne, Carol and Bonell, Chris and Viner, Russell M and others},
  journal={BMJ Open},
  volume={11},
  number={8},
  pages={e053371},
  year={2021},
  publisher={British Medical Journal Publishing Group},
  doi = {10.1136/bmjopen-2021-053371},
  url ={https://bmjopen.bmj.com/content/11/8/e053371}
}

@article{alfano2020efficacy,
  title={The efficacy of lockdown against COVID-19: A cross-country panel analysis},
  author={Alfano, Vincenzo and Ercolano, Salvatore},
  journal={Applied Health Economics and Health Policy},
  volume={18},
  pages={509--517},
  year={2020},
  publisher={Springer},
  doi = {10.1007/s40258-020-00596-3},
  url ={https://link.springer.com/article/10.1007/s40258-020-00596-3}
}

@article{bayham2020impact,
  title={Impact of school closures for COVID-19 on the US health-care workforce and net mortality: A modelling study},
  author={Bayham, Jude and Fenichel, Eli P},
  journal={The Lancet Public Health},
  volume={5},
  number={5},
  pages={e271--e278},
  year={2020},
  publisher={Elsevier},
  doi = {10.1016/S2468-2667(20)30082-7},
  url ={https://www.thelancet.com/journals/lanpub/article/PIIS2468-2667(20)30082-7/fulltext}
}

@article{esposito2021comprehensive,
  title={Comprehensive and safe school strategy during COVID-19 pandemic},
  author={Esposito, Susanna and Cotugno, Nicola and Principi, Nicola},
  journal={Italian Journal of Pediatrics},
  volume={47},
  pages={1--4},
  year={2021},
  publisher={Springer},
  doi = {10.1186/s13052-021-00960-6},
  url ={https://ijponline.biomedcentral.com/articles/10.1186/s13052-021-00960-6}
}

@article{molefi2021impact,
  title={The impact of China’s lockdown policy on the incidence of CoVID-19: An Interrupted time series analysis},
  author={Molefi, Mooketsi and Tlhakanelo, John T and Phologolo, Thabo and Hamda, Shimeles G and Masupe, Tiny and Tsima, Billy and Setlhare, Vincent and Mashalla, Yohana and Wiebe, Douglas J and others},
  journal={BioMed Research International},
  volume={2021},
  year={2021},
  publisher={Hindawi},
  doi = {10.1155/2021/9498029},
  url ={https://www.hindawi.com/journals/bmri/2021/9498029}
}


@article{de2021determines,
  title={What determines governments’ response time to COVID-19? A cross-country inquiry on the measure restricting internal movements},
  author={De Simone, Elina and Mourao, Paulo Reis},
  journal={Open Economics},
  volume={4},
  number={1},
  pages={106--117},
  year={2021},
  publisher={De Gruyter Open Access},
  doi = {10.1515/openec-2020-0116},
  url ={https://www.degruyter.com/document/doi/10.1515/openec-2020-0116}
}
