@article{behrendt2019rtransferentropy,
  title={RTransferEntropy — Quantifying information flow between different time series using effective transfer entropy},
  author={Simon Behrendt and Thomas Dimpfl and Franziska J. Peter and David J. Zimmermann},
  journal={SoftwareX},
  volume={10},
  pages={100265},
  year={2019},
  issn={2352-7110},
  doi={10.1038/s41598-021-87818-3},
  url={https://www.nature.com/articles/s41598-021-87818-3}
}

@article{silini2021fast,
  title={Fast and effective pseudo transfer entropy for bivariate data-driven causal inference},
  author={Silini, Riccardo and Masoller, Cristina},
  journal={Scientific Reports},
  volume={11},
  number={1},
  pages={1--13},
  year={2021},
  publisher={Nature Publishing Group},
  doi={10.1016/j.softx.2019.100265},
  url={https://www.sciencedirect.com/science/article/pii/S2352711019300779}
}

@article{fukumoto2021no,
  title={No causal effect of school closures in Japan on the spread of COVID-19 in spring 2020},
  author={Fukumoto, Kentaro and McClean, Charles T and Nakagawa, Kuninori},
  journal={Nature medicine},
  volume={27},
  number={12},
  pages={2111--2119},
  year={2021},
  publisher={Nature Publishing Group},
  doi={10.1038/s41591-021-01571-8},
  url={https://www.nature.com/articles/s41591-021-01571-8}
}

@article{stage2021shut,
  title={Shut and re-open: the role of schools in the spread of COVID-19 in Europe},
  author={Stage, Helena B and Shingleton, Joseph and Ghosh, Sanmitra and Scarabel, Francesca and Pellis, Lorenzo and Finnie, Thomas},
  journal={Philosophical Transactions of the Royal Society B},
  volume={376},
  number={1829},
  pages={20200277},
  year={2021},
  publisher={The Royal Society},
  doi={10.1098/rstb.2020.0277},
  url={https://royalsocietypublishing.org/doi/10.1098/rstb.2020.0277}
}

@article{yoshiyuki2020effects,
    title={Effects of voluntary event cancellation and school closure as countermeasures against COVID-19 outbreak in Japan},
    author={Sugishita, Yoshiyuki AND Kurita, Junko AND Sugawara, Tamie AND Ohkusa, Yasushi},
    journal={PLOS ONE},
    publisher={Public Library of Science},
    year={2020},
    month={12},
    volume={15},
    pages={1-10},
    number={12},
    doi={10.1371/journal.pone.0239455},
    url={https://journals.plos.org/plosone/article?id=10.1371/journal.pone.0239455}
}

@article{iwata2020school,
  title={Was school closure effective in mitigating coronavirus disease 2019 (COVID-19)? Time series analysis using Bayesian inference},
  author={Iwata, Kentaro and Doi, Asako and Miyakoshi, Chisato},
  journal={International Journal of Infectious Diseases},
  volume={99},
  pages={57--61},
  year={2020},
  publisher={Elsevier},
  doi={10.1016/j.ijid.2020.07.052},
  url={https://www.ijidonline.com/article/S1201-9712(20)30598-1/fulltext}
}

@article {kim2021role,
  title={Role of children in household transmission of COVID-19},
	author={Kim, Jieun and Choe, Young June and Lee, Jin and Park, Young Joon and Park, Ok and Han, Mi Seon and Kim, Jong-Hyun and Choi, Eun Hwa},
	journal={Archives of Disease in Childhood},
	volume={106},
	number={7},
	pages={709--711},
	year={2021},
	publisher={BMJ Publishing Group Ltd},
	issn={0003-9888},
	doi={10.1136/archdischild-2020-319910},
	url={https://adc.bmj.com/content/106/7/709}
}

@article{falk2021covid,
  title={COVID-19 cases and transmission in 17 K--12 schools—Wood County, Wisconsin, August 31--November 29, 2020},
  author={Falk, Amy and Benda, Alison and Falk, Peter and Steffen, Sarah and Wallace, Zachary and H{\o}eg, Tracy Beth},
  journal={Morbidity and Mortality Weekly Report},
  volume={70},
  number={4},
  pages={136--140},
  year={2021},
  publisher={Centers for Disease Control and Prevention},
	doi={10.15585/mmwr.mm7004e3},
	url={https://www.ncbi.nlm.nih.gov/pmc/articles/PMC7842817/}
}

@article{ludvigsson2020children,
  author={Ludvigsson, Jonas F.},
  title={Children are unlikely to be the main drivers of the COVID-19 pandemic – A systematic review},
  journal={Acta Paediatrica},
  year={2020},
  volume={109},
  number={8},
  pages={1525-1530},
  keywords={children, coronavirus, COVID-19, pandemic, transmission},
  doi={https://doi.org/10.1111/apa.15371},
  url={https://onlinelibrary.wiley.com/doi/abs/10.1111/apa.15371}
}

@article {vanderhoek2020role,
	Title={The role of children in the transmission of SARS-CoV-2},
	Author={van der Hoek, Wim and Backer, Jantien A and Bodewes, Rogier and Friesema, Ingrid and Meijer, Adam and Pijnacker, Roan and Reukers, Daphne F M and Reusken, Chantal and Roof, Inge and Rots, Nynke and Te Wierik, Margreet J M and van Gageldonk-Lafeber, AB and Waegemaekers, CHFM and van den Hof, Susan},
	Volume={164},
	Month={June},
	Year={2020},
	Journal={Nederlands tijdschrift voor geneeskunde},
	issn={0028-2162},
	url={http://europepmc.org/abstract/MED/32749807}
}

@article{heavey2020evidence,
   author={Heavey, Laura and Casey, Geraldine and Kelly, Ciara and Kelly, David and McDarby, Geraldine},
   title={No evidence of secondary transmission of COVID-19 from children attending school in Ireland, 2020},
   journal={Eurosurveillance},
   year={2020},
   volume={25},
   number={21}, 
   eid={2000903},
   doi={10.2807/1560-7917.ES.2020.25.21.2000903},
   url={https://www.eurosurveillance.org/content/10.2807/1560-7917.ES.2020.25.21.2000903}
}

@article{chang2020modelling,
  title={Modelling transmission and control of the COVID-19 pandemic in Australia},
  author={Chang, Sheryl L and Harding, Nathan and Zachreson, Cameron and Cliff, Oliver M and Prokopenko, Mikhail},
  journal={Nature communications},
  volume={11},
  number={1},
  pages={1--13},
  year={2020},
  publisher={Nature Publishing Group},
  doi={10.1038/s41467-020-19393-6},
  url={https://www.nature.com/articles/s41467-020-19393-6}
}

@article{li2020role,
  title={The role of children in transmission of SARS-CoV-2: A rapid review},
  author={Li, Xue and Xu, Wei and Dozier, Marshall and He, Yazhou and Kirolos, Amir and Theodoratou, Evropi and others},
  journal={Journal of global health},
  volume={10},
  number={1},
  year={2020},
  publisher={International Society for Global Health},
  doi={10.7189/jogh.10.011101},
  url={https://www.ncbi.nlm.nih.gov/pmc/articles/PMC7323934/}
}

@article{zhendong2020clinical,
  title={Clinical and transmission dynamics characteristics of 406 children with coronavirus disease 2019 in China: A review},
  author={Yang Zhen-Dong and Zhou Gao-Jun and Jin Run-Ming and Liu Zhi-Sheng and Dong Zong-Qi and Xie Xiong and Song Guo-Wei},
  journal={Journal of Infection},
  volume={81},
  number={2},
  pages={e11-e15},
  year={2020},
  issn={0163-4453},
  doi={10.1016/j.jinf.2020.04.030},
  url={https://www.sciencedirect.com/science/article/pii/S0163445320302413}
}

@article{walger2020children,
  title={Children and adolescents in the CoVid-19 pandemic: Schools and daycare centers are to be opened again without restrictions. The protection of teachers, educators, carers and parents and the general hygiene rules do not conflict with this},
  author={Walger, Peter and Heininger, Ulrich and Knuf, Markus and Exner, Martin and Popp, Walter and Fischbach, Thomas and Trapp, Stefan and H{\"u}bner, Johannes and Herr, Caroline and Simon, Arne and others},
  journal={GMS hygiene and infection control},
  volume={15},
  year={2020},
  publisher={German Medical Science},
  doi={10.3205/dgkh000346},
  url={https://www.ncbi.nlm.nih.gov/pmc/articles/PMC7273848/}
}

@article{lopez2020transmission,
  title={Transmission dynamics of COVID-19 outbreaks associated with child care facilities—Salt Lake City, Utah, April--July 2020},
  author={Lopez, Adriana S and Hill, Mary and Antezano, Jessica and Vilven, Dede and Rutner, Tyler and Bogdanow, Linda and Claflin, Carlene and Kracalik, Ian T and Fields, Victoria L and Dunn, Angela and others},
  journal={Morbidity and Mortality Weekly Report},
  volume={69},
  number={37},
  pages={1319},
  year={2020},
  publisher={Centers for Disease Control and Prevention},
  doi={10.15585/mmwr.mm6937e3},
  url={https://www.ncbi.nlm.nih.gov/pmc/articles/PMC7498176/}
}

@article{siebach2021childhood,
  author={Siebach, Melissa K. and Piedimonte, Giovanni and Ley, Sylvia H.},
  title={COVID-19 in childhood: Transmission, clinical presentation, complications and risk factors},
  journal={Pediatric Pulmonology},
  year={2021},
  volume={56},
  number={6},
  pages={1342-1356},
  doi={https://doi.org/10.1002/ppul.25344},
  url={https://onlinelibrary.wiley.com/doi/abs/10.1002/ppul.25344}
}

@article{grasleguen2021reopening,
  title={Reopening schools in the context of increasing COVID-19 community transmission: The French experience},
  author={C. {Gras-Le Guen} and R. Cohen and J. Rozenberg and E. Launay and D. Levy-Bruhl and C. Delacourt},
  journal={Archives de Pédiatrie},
  volume={28},
  number={3},
  pages={178-185},
  year={2021},
  issn={0929-693X},
  doi={10.1016/j.arcped.2021.02.001},
  url={https://www.sciencedirect.com/science/article/pii/S0929693X21000178}
}

@article{sorianoarandes2021household,
    author={Soriano-Arandes, Antoni and Gatell, Anna and Serrano, Pepe and Biosca, Mireia and Campillo, Ferran and Capdevila, Ramon and Fàbrega, Anna and Lobato, Zulema and López, Núria and Moreno, Ana Mª and Poblet, Miriam and Riera-Bosch, Maria Teresa and Rius, Neus and Ruiz, Montserrat and Sánchez, Almudena and Valldepérez, Cinta and Vilà, Mònica and Pineda, Valentí and Lazcano, Uxue and Díaz, Yesika and Reyes-Urueña, Juliana and Soler-Palacín, Pere and COVID-19 Pediatric Disease in Catalonia Research Group },
    title={Household Severe Acute Respiratory Syndrome Coronavirus 2 Transmission and Children: A Network Prospective Study},
    journal={Clinical Infectious Diseases},
    volume={73},
    number={6},
    pages={e1261-e1269},
    year={2021},
    issn={1058-4838},
    doi={10.1093/cid/ciab228},
    url={https://doi.org/10.1093/cid/ciab228},
    eprint={https://academic.oup.com/cid/article-pdf/73/6/e1261/40392484/ciab228.pdf},
}

@article{meuris2021transmission,
    author={Meuris, Christelle and Kremer, Cécile and Geerinck, Anton and Locquet, Medea and Bruyère, Olivier and Defêche, Justine and Meex, Cécile and Hayette, Marie-Pierre and Duchene, Loic and Dellot, Patricia and Azarzar, Samira and Maréchal, Nicole and Sauvage, Anne-Sophie and Frippiat, Frederic and Giot, Jean-Baptiste and Léonard, Philippe and Fombellida, Karine and Moutschen, Michel and Durkin, Keith and Artesi, Maria and Bours, Vincent and Faes, Christel and Hens, Niel and Darcis, Gilles},
    title={Transmission of SARS-CoV-2 After COVID-19 Screening and Mitigation Measures for Primary School Children Attending School in Liège, Belgium},
    journal={JAMA Network Open},
    volume={4},
    number={10},
    pages={e2128757-e2128757},
    year={2021},
    issn={2574-3805},
    doi={10.1001/jamanetworkopen.2021.28757},
    url={https://doi.org/10.1001/jamanetworkopen.2021.28757}
}

@book{wood2017generalized,
  title={Generalized additive models: an introduction with R},
  author={Wood, Simon N},
  year={2017},
  publisher={CRC press}
}

@article{wood2011fast,
  title={Fast stable restricted maximum likelihood and marginal likelihood estimation of semiparametric generalized linear models},
  journal={Journal of the Royal Statistical Society (B)},
  volume={73},
  number={1},
  pages={3--36},
  year={2011},
  author={Wood, Simon N},
}
  
@book{loader2006local,
  title={Local regression and likelihood},
  author={Loader, Clive},
  year={2006},
  publisher={Springer},
  address={Boston, MA}
}